@INPROCEEDINGS{He:16CVPR,
author={K. {He} and X. {Zhang} and S. {Ren} and J. {Sun}},
booktitle={IEEE Conf. on Computer Vision and Pattern Recognition},
title={Deep Residual Learning for Image Recognition},
year={2016},
pages={770-778},
address = {Las Vegas, NV, USA},
month = {Jun.}
}

@ARTICLE{Nguyen:18IET, 
author={H. {Nguyen} and L. {Kieu} and T. {Wen} and C. {Cai}}, 
journal={IET Intelligent Transport Systems}, 
title={Deep learning methods in transportation domain: a review}, 
year={2018}, 
volume={12}, 
number={9}, 
pages={998-1004}, 
month={},
}

@online{who_blindness,
  author       = {{World Health Organization}},
  title        = {Blindness and visual impairment},
  year         = {2021},
  url          = {https://www.who.int/news-room/fact-sheets/detail/blindness-and-visual-impairment},
  urldate      = {2023-05-20}
}

@article{zhang2023pilot,
  author       = "Zhang, Zhao-Tian and Zhang, Shao-Chong and Huang, Xiong-Gao and Liang, Ling-Yi",
  title        = "A Pilot Trial of the iPad Tablet Computer as a Portable Device for Visual Acuity Testing",
  journal      = "Journal of Telemedicine and Telecare",
  year         = "2023",
  volume       = "19",
  number       = "1",
  url          = "https://journals-sagepub-com.libproxy1.nus.edu.sg/doi/full/10.1177/1357633X12474964?journalCode=jtta",
  urldate      = "2023-05-20"
}

@article{han2019development,
  author       = "Han, Xiaotong and Scheetz, Jane and Keel, Stuart and Liao, Chimei and Liu, Chi and Jiang, Yu and MÃ¼ller, Andreas and Meng, Wei and He, Mingguang",
  title        = "Development and Validation of a Smartphone-Based Visual Acuity Test (Vision at Home)",
  journal      = "Translational Vision Science and Technology",
  volume       = "8",
  number       = "4",
  year         = "2019",
  month        = "August",
  url          = "https://tvst-arvojournals-org.libproxy1.nus.edu.sg/article.aspx?articleid=2748706",
  urldate      = "2023-05-20"
}

@online{uspharmacist_website,
  author       = "{US Pharmacist}",
  title        = {SoloHealth Launches Interactive Vision Test Kiosk},
  year         = {2021},
  url          = {https://www.uspharmacist.com/article/solohealth-launches-interactive-vision-test-kiosk},
  urldate      = {2023-05-20}
}

@article{enoch2019evaluating,
  author       = "Enoch, Jamie and McDonald, Leanne and Jones, Lee and Jones, Pete R. and Crabb, David P.",
  title        = "Evaluating Whether Sight Is the Most Valued Sense",
  journal      = "JAMA Ophthalmology",
  year         = "2019",
  month        = "November",
  volume       = "137",
  number       = "11",
  pages        = "1317-1320"
}

@article{redmon2016yolo,
  title        = {You Only Look Once: Unified, Real-Time Object Detection},
  author       = {Redmon, Joseph and Divvala, Santosh and Girshick, Ross and Farhadi, Ali},
  journal      = {Proceedings of the IEEE Conference on Computer Vision and Pattern Recognition},
  year         = {2016},
  pages        = {779--788},
  doi          = {10.1109/CVPR.2016.91}
}

@article{dejong2022history,
  author       = "de Jong, Paulus T. V. M.",
  title        = "A history of visual acuity testing and optotypes",
  journal      = "Eye",
  year         = "2022"
}

@misc{roboflow,
  author       = "{Roboflow}",
  title        = {Roboflow},
  year         = {Accessed 2021},
  url          = {https://roboflow.com/}
}

@misc{ultralytics_yolov5,
  author       = "{Ultralytics}",
  title        = {YOLOv5: A State-of-the-Art Object Detection System},
  year         = {2020},
  howpublished = {\url{https://github.com/ultralytics/yolov5}},
  note         = {Accessed: May 15, 2023}
}

@article{imagenet_cvpr09,
  author       = {Deng, Jia and Dong, Wei and Socher, Richard and Li, Li-Jia and Li, Kai and Fei-Fei, Li},
  title        = {ImageNet: A Large-Scale Hierarchical Image Database},
  booktitle    = {Proceedings of the IEEE Conference on Computer Vision and Pattern Recognition},
  year         = {2009},
  pages        = {248--255},
  doi          = {10.1109/CVPR.2009.5206848}
}

@article{parkhi2015deep,
  title        = {Deep Face Recognition},
  author       = {Parkhi, Omkar M. and Vedaldi, Andrea and Zisserman, Andrew},
  journal      = {British Machine Vision Conference},
  year         = {2015},
  url          = {http://www.robots.ox.ac.uk/~vgg/publications/2015/Parkhi15/parkhi15.pdf}
}

@techreport{lfwTech,
  title        = {Labeled Faces in the Wild: A Database for Studying Face Recognition in Unconstrained Environments},
  author       = {Huang, Gary B. and Mattar, Marwan and Lee, Honglak and Learned-Miller, Erik},
  year         = {2008},
  institution  = {University of Massachusetts, Amherst},
  url          = {http://vis-www.cs.umass.edu/lfw/}
}
